<?xml version="1.0" encoding="UTF-8"?><collection xmlns="http://www.loc.gov/MARC21/slim"><record><leader>00388nam--2200133-i-4500</leader><controlfield tag="001">000019767</controlfield><controlfield tag="002">20161230</controlfield><controlfield tag="005">20161230201033</controlfield><controlfield tag="008">060222s1000------------r-----000-0-eng-d</controlfield><datafield ind1=" " ind2=" " tag="080"><subfield code="a">622.375.826(043)</subfield></datafield><datafield ind1=" " ind2=" " tag="100"><subfield code="a">El-hadj Tidjani, Mamadou</subfield></datafield><datafield ind1=" " ind2=" " tag="245"><subfield code="a">Detection heterodyne dans l etude des lasers hcn( =337 )continus.these</subfield></datafield><datafield ind1=" " ind2=" " tag="260"><subfield code="a">Orsay, Universite De Paris, 1977. 151 P</subfield></datafield><datafield ind1=" " ind2=" " tag="852"><subfield code="a">46476</subfield></datafield></record></collection>